###Was ist ein WebCrawler + Traditionelle Konzepte

@INPROCEEDINGS{sharma2015anatomy,
  author={Sharma, Shruti and Gupta, Parul},
  booktitle={International Conference on Computing, Communication & Automation}, 
  title={The anatomy of web crawlers}, 
  year={2015},
  volume={},
  number={},
  pages={849-853},
  keywords={Crawlers;Computer architecture;Uniform resource locators;Search engines;Web pages;Automation;World Wide Web;Web crawler;Parallel Crawler;Focused Crawler;Hidden Web Crawler},
  doi={10.1109/CCAA.2015.7148493}
}


###Anzahl an Websites in Problemstellung
@online{DeKunder2016,
  author = {De Kunder, Maurice},
  title = {Daily estimated size of the World Wide Web},
  urldate = {2024-02-18},
  url = {http://www.worldwidewebsize.com/},
  note = {Zugriff am: 20.02.2024}
}

@online{pyp,
  author = {Carbonnelle, Pierre},
  title = {PYPL PopularitY of Programming Language Index},
  year = {2021},
  url = {https://pypl.github.io/PYPL.html},
  urldate = {2024-02-18}
}



### Verwandte Arbeiten
@article{ElAraby2018,
author={ElAraby, M. E. and Moftah, Hossam M. and Abuelenin, Sherihan M. and Rashad, M. Z.},
title={Elastic Web Crawler Service-Oriented Architecture Over Cloud Computing},
journal={Arabian Journal for Science and Engineering},
year={2018},
month={12},
day={01},
volume={43},
number={12},
pages={8111-8126},
issn={2191-4281},
doi={10.1007/s13369-018-3241-z}
}

@INPROCEEDINGS{8756917,
  author={Šipek, M. and Mihaljević, B. and Radovan, A.},
  booktitle={2019 42nd International Convention on Information and Communication Technology, Electronics and Microelectronics (MIPRO)}, 
  title={Exploring Aspects of Polyglot High-Performance Virtual Machine GraalVM}, 
  year={2019},
  volume={},
  number={},
  pages={1671-1676},
  keywords={Java;Optimization;Virtual machining;Interoperability;Program processors;Runtime;GraalVM;Graal;polyglot virtual machine;Java Virtual Machine;Java;programming languages;cross-language interoperability},
  doi={10.23919/MIPRO.2019.8756917}
}

@INPROCEEDINGS{9615705,
  author={Basavaraju, N. and Alexander, N. and Seitz, J.},
  booktitle={2021 International Symposium on Networks, Computers and Communications (ISNCC)}, 
  title={Performance Evaluation of Advanced Message Queuing Protocol (AMQP): An Empirical Analysis of AMQP Online Message Brokers}, 
  year={2021},
  volume={},
  number={},
  pages={1-8},
  keywords={Performance evaluation;Protocols;Costs;Web services;Authentication;Tools;Throughput;Advance Message Queuing Protocol (AMQP);Consumer;Publisher;Quality of Service (QoS);Amazon Web Services;RabbitMQ;ActiveMQ;middleware;consumer rate;publisher rate},
  doi={10.1109/ISNCC52172.2021.9615705}}

@INPROCEEDINGS{9023812,
  author={Uy, Nguyen Quoc and Nam, Vu Hoai},
  booktitle={2019 6th NAFOSTED Conference on Information and Computer Science (NICS)}, 
  title={A comparison of AMQP and MQTT protocols for Internet of Things}, 
  year={2019},
  volume={},
  number={},
  pages={292-297},
  keywords={Delays;Protocols;Propagation losses;Quality of service;Internet of Things;Servers;Data communication;IoT System;data exchange protocol;MQTT;AMQP;3 layers Internet Radio system},
  doi={10.1109/NICS48868.2019.9023812}}

@INPROCEEDINGS{9678709,
  author={Zhang, Yifei and Gu, Tianxiao and Zheng, Xiaolin and Yu, Lei and Kuai, Wei and Li, Sanhong},
  booktitle={2021 36th IEEE/ACM International Conference on Automated Software Engineering (ASE)}, 
  title={Towards a Serverless Java Runtime}, 
  year={2021},
  volume={},
  number={},
  pages={1156-1160},
  keywords={Java;Cloud computing;Runtime;Codes;Metadata;Virtual machining;Feeds;Java;Java virtual machine;just-in-time compilation;ahead-of-time compilation;application warmup},
  doi={10.1109/ASE51524.2021.9678709}}


@book{vitale,
  title      = "Cloud native spring in action: With spring boot and kubernetes",
  publisher  = "Manning Publications",
  year       = "2023",
  author     = "Vitale, Thomas and Long, Josh",
  isbn =  {978-1617298424}
}
 
@book{Wolff_2018, 
title={Microservices Grundlagen flexibler Softwarearchitekturen},
author={Wolff, Eberhard},
publisher={dpunkt.verlag},
year={2018},
isbn={978-3864905551}
}

@book{Gharbi_Koschel_Rausch_Starke_2023, 
title={Basiswissen für Softwarearchitekten}, 
publisher={dpunkt}, 
author={Gharbi, Mahbouba and Koschel, Arne and Rausch, Andreas and Starke, Gernot}, 
year={2023},
isbn={978-3864909849}
} 


### Meine Arbeit
@online{vollmaier_hypercrawler,
  author = {Vollmaier, Alois},
  title = {HyperCrawler},
  year = {2024},
  url = "https://github.com/avollmaier/hypercrawler",
  note = {Zugriff am: 06.02.2024}
}

### Spezifikation
@book{Gosling2023Java,
  title = {{The Java® Language Specification Java SE 21 Edition}},
  author = {Gosling, James and Joy, Bill and Steele, Guy and Bracha, Gilad and Buckley, Alex and Smith, Daniel and Bierman, Gavin},
  urldate = {2024-02-05},
  publisher = {{Oracle}},
  url = {https://docs.oracle.com/javase/specs/jls/se21/jls21.pdf},
  note = {Zugriff am: 06.02.2024}
}


@book{Lindholm2023JavaVM,
  title = {{The Java® Virtual Machine Specification Java SE 21 Edition}},
  author = {Lindholm, Tim and Yellin, Frank and Bracha, Gilad and Buckley, Alex and Smith, Daniel},
  urldate = {2023-08-23},
  publisher = {{Oracle}},
  url = {https://docs.oracle.com/javase/specs/jvms/se21/jvms21.pdf},
  note = {Zugriff am: 06.02.2024}
}

@online{12Factor,
  author     = "{Adam Wiggins}",
  title      = "The Twelve-Factor App",
  url        = "https://12factor.net",
  urldate = {2017-06-13},
  note = {Zugriff am: 06.02.2024}
}

@online{SOA,
  author     = "{Organization for the Advancement of Structured Information Standards}",
  title      = "Architecture Foundation for Service Oriented Architecture Version 1.0",
  url        = "https://docs.oasis-open.org/soa-rm/soa-ra/v1.0/cs01/soa-ra-v1.0-cs01.html",
  urldate = {2012-12-04},
  note = {Zugriff am: 18.02.2024}
}


@online{CNCF,
  author     = "{Cloud Native Computing Foundation,}",
  title      = "CNCF Cloud Native Definition v1.0",
  url        = "http://mng.bz/de1w",
  urldate = {2018-06-11},
  note = {Zugriff am: 18.02.2024}
}

### Dokumentation
@online{springnative,
  author = {Spring Cloud Native},
  title = {Spring Native Documentation},
  urldate = {2024-01-19},
  url = {https://docs.spring.io/spring-native/docs/current/reference/htmlsingle/},
  note = {Zugriff am: 18.02.2024}
}

@online{springcloudstream,
  author = {Spring Cloud Stream},
  title = {Spring Cloud Stream Documentation},
  year = {2024},
  url = {https://docs.spring.io/spring-cloud-stream/docs/current/reference/html/spring-cloud-stream.html},
  note = {Zugriff am: 06.02.2024}
}

@online{springactuator,
  author = {Spring Actuator Stream},
  title = {Spring Actuator Documentation},
  year = {2024},
  url = {https://docs.spring.io/spring-boot/docs/current/actuator-api/htmlsingle/},
  note = {Zugriff am: 09.02.2024}
}

@online{graalvm2023,
  author = {GraalVM},
  title = {GraalVM: High-performance polyglot VM},
  year = {2023},
  url = {https://www.graalvm.org},
  note = {Zugriff am: 06.02.2024}
}

@online{gradledocs,
  author = {Gradle},
  title = {Gradle Documentation},
  year = {2023},
  url = {https://docs.gradle.org},
  note = {Zugriff am: 06.02.2024}
}

@online{rabbitmq,
  author = {RabbitMQ},
  title = {RabbitMQ Documentation},
  year = {2023},
  url = {https://www.rabbitmq.com/documentation.html},
  note = {Zugriff am: 18.02.2024}
}

@online{micrometer,
  author = {Micrometer.io},
  title = {Micrometer Documentation},
  year = {2024},
  url = {https://micrometer.io/},
  note = {Zugriff am: 25.02.2024}
}
